<?xml version="1.0" encoding="UTF-8"?><collection xmlns="http://www.loc.gov/MARC21/slim"><record><leader>00413nam--2200133-i-4500</leader><controlfield tag="001">000010015</controlfield><controlfield tag="002">20161230</controlfield><controlfield tag="005">20161230201028</controlfield><controlfield tag="008">060222s1000------------r-----000-0-eng-d</controlfield><datafield ind1=" " ind2=" " tag="245"><subfield code="a">Problemes physiques dans les systemes biologiques, physical problems in biological systems</subfield></datafield><datafield ind1=" " ind2=" " tag="260"><subfield code="a">New York, Gordon And Breach Sci.Publ., 1970</subfield></datafield><datafield ind1=" " ind2=" " tag="490"><subfield code="a">Les Houches 1969</subfield></datafield><datafield ind1=" " ind2=" " tag="700"><subfield code="a">Dewitt, C.Et Matricon, J</subfield></datafield><datafield ind1=" " ind2=" " tag="852"><subfield code="a">53:574</subfield></datafield></record></collection>